@article{article:0,
    author  = {Dias, A. and Silva, Manuel and Lima, Nuno and Guedes, Ricardo},
    year    = {2015},
    month   = {03},
    pages   = {27-36},
    title   = {Identification of marks on tires using artificial vision for quality control},
    volume  = {9},
    journal = {International Journal for Quality Research}
}

@article{article:1,
    author  = {Kazmi, Wajahat and Nabney, Ian and Vogiatzis, George and Rose, Peter and Codd, Alex},
    journal = {IEEE Transactions on Intelligent Transportation Systems},
    title   = {An Efficient Industrial System for Vehicle Tyre (Tire) Detection and Text Recognition Using Deep Learning},
    year    = {2021},
    volume  = {22},
    number  = {2},
    pages   = {1264-1275},
    doi     = {10.1109/TITS.2020.2967316}
}

@article{article:CLAHE_explanation,
    author  = {MA, J. and Fan, X. and Yang, S.X. and Zhang, X. and Zhu, X.},
    journal = {Preprints 2017},
    title   = {Contrast Limited Adaptive Histogram Equalization Based Fusion for Underwater Image Enhancement},
    year    = {2017},
    volume  = {2017030086},
    doi     = {10.20944/preprints201703.0086.v1}
}

@misc{site:0,
    author       = "Anton, Katanaev and Yaroslav, Ukhmylov and Alfiya, Chekmareva and Roman, Khalili",
    title        = "How to identify vehicle tires using deep learning visual models",
    howpublished = "\url{https://blog.griddynamics.com/how-to-identify-vehicle-tires-using-deep-learning-visual-models/}",
    note         = "Last accessed: June 2022"
}

@misc{site:circular_hough_transform,
    author       = "OpenCV-Docs",
    title        = "Hough Circle Transform",
    howpublished = "\url{https://docs.opencv.org/3.4/d4/d70/tutorial_hough_circle.html}",
    note         = {Last accessed: June 2022}
}

@misc{site:CLAHE_code,
    author       = "Karel Zuiderveld",
    title        = "C ANSI implementation of Contrast Limited Adaptive Histogram Equalization",
    journal      = "Graphics Gems IV",
    howpublished = "\url{http://www.realtimerendering.com/resources/GraphicsGems/gemsiv/clahe.c}",
    note         = {Last accessed: June 2022}
}

@misc{site:Gaussian_blur,
    author       = "Wikipedia",
    title        = "Gaussian blur",
    howpublished = "\url{https://en.wikipedia.org/wiki/Gaussian_blur#cite_ref-ShapiroStockman_1-0}",
    note         = {Last accessed: June 2022}
}

@misc{site:Canny_edge_detection,
    author       = "Adrian Rosebrock",
    title        = "OpenCV Edge Detection (cv2.Canny)",
    journal      = "pyimagesearch",
    howpublished = "\url{https://pyimagesearch.com/2021/05/12/opencv-edge-detection-cv2-canny/}",
    note         = {Last accessed: March 2022}
}